

%% This BibTeX bibliography file was created using BibDesk.
%% https://bibdesk.sourceforge.io/

%% Created for admin at 2018-11-25 11:56:10 +0900 


%% Saved with string encoding Unicode (UTF-8) 
@inproceedings{dottling2013lossy,
  title={Lossy codes and a new variant of the learning-with-errors problem},
  author={D{\"o}ttling, Nico and M{\"u}ller-Quade, J{\"o}rn},
  booktitle={Annual International Conference on the Theory and Applications of Cryptographic Techniques},
  pages={18--34},
  year={2013},
  organization={Springer}
}
@inproceedings{micciancio2011pseudorandom,
  title={Pseudorandom knapsacks and the sample complexity of LWE search-to-decision reductions},
  author={Micciancio, Daniele and Mol, Petros},
  booktitle={Annual Cryptology Conference},
  pages={465--484},
  year={2011},
  organization={Springer}
}

@article{regev2010learning,
	Author = {Regev, Oded},
	Date-Added = {2018-11-25 11:48:49 +0900},
	Date-Modified = {2018-11-25 11:48:49 +0900},
	Journal = {Invited survey in CCC},
	Title = {The learning with errors problem},
	Volume = {7},
	Year = {2010}}

@inproceedings{arora2011new,
	Author = {Arora, Sanjeev and Ge, Rong},
	Booktitle = {International Colloquium on Automata, Languages, and Programming},
	Date-Added = {2018-11-25 12:20:12 +0900},
	Date-Modified = {2018-11-25 12:20:12 +0900},
	Organization = {Springer},
	Pages = {403--415},
	Title = {New algorithms for learning in presence of errors},
	Year = {2011}}
@incollection{micciancio2013hardness,
  title={Hardness of SIS and LWE with small parameters},
  author={Micciancio, Daniele and Peikert, Chris},
  booktitle={Advances in Cryptology--CRYPTO 2013},
  pages={21--39},
  year={2013},
  publisher={Springer}
}
@article{brakerski2014efficient,
  title={Efficient fully homomorphic encryption from (standard) LWE},
  author={Brakerski, Zvika and Vaikuntanathan, Vinod},
  journal={SIAM Journal on Computing},
  volume={43},
  number={2},
  pages={831--871},
  year={2014},
  publisher={SIAM}
}
@inproceedings{lyubashevsky2010ideal,
  title={On ideal lattices and learning with errors over rings},
  author={Lyubashevsky, Vadim and Peikert, Chris and Regev, Oded},
  booktitle={Annual International Conference on the Theory and Applications of Cryptographic Techniques},
  pages={1--23},
  year={2010},
  organization={Springer}
}
@inproceedings{buchmann2016high,
  title={High-performance and lightweight lattice-based public-key encryption},
  author={Buchmann, Johannes and G{\"o}pfert, Florian and G{\"u}neysu, Tim and Oder, Tobias and P{\"o}ppelmann, Thomas},
  booktitle={Proceedings of the 2nd ACM International Workshop on IoT Privacy, Trust, and Security},
  pages={2--9},
  year={2016},
  organization={ACM}
}
@inproceedings{le2014powers,
  title={Powers of tensors and fast matrix multiplication},
  author={Le Gall, Fran{\c{c}}ois},
  booktitle={Proceedings of the 39th international symposium on symbolic and algebraic computation},
  pages={296--303},
  year={2014},
  organization={ACM}
}

@article{albrecht2015concrete,
  title={On the concrete hardness of learning with errors},
  author={Albrecht, Martin R and Player, Rachel and Scott, Sam},
  journal={Journal of Mathematical Cryptology},
  volume={9},
  number={3},
  pages={169--203},
  year={2015},
  publisher={De Gruyter}
}

@article{albrecht2015complexity,
  title={On the complexity of the BKW algorithm on LWE},
  author={Albrecht, Martin R and Cid, Carlos and Faugere, Jean-Charles and Fitzpatrick, Robert and Perret, Ludovic},
  journal={Designs, Codes and Cryptography},
  volume={74},
  number={2},
  pages={325--354},
  year={2015},
  publisher={Springer}
}

@article{faugere1999new,
  title={A new efficient algorithm for computing Gr{\"o}bner bases (F4)},
  author={Faugere, Jean-Charles},
  journal={Journal of pure and applied algebra},
  volume={139},
  number={1-3},
  pages={61--88},
  year={1999},
  publisher={Elsevier}
}

@article{buchberger1982computer,
  title={Computer algebra symbolic and algebraic computation},
  author={Buchberger, Bruno and Collins, George E and Loos, R{\"u}diger and Albrecht, Rudolph},
  journal={ACM SIGSAM Bulletin},
  volume={16},
  number={4},
  pages={5--5},
  year={1982},
  publisher={ACM}
}

@inproceedings{bardet2005asymptotic,
  title={Asymptotic behaviour of the index of regularity of quadratic semi-regular polynomial systems},
  author={Bardet, Magali and Faugere, Jean-Charles and Salvy, Bruno and Yang, Bo-Yin},
  booktitle={The Effective Methods in Algebraic Geometry Conference (MEGAâ€™05)(P. Gianni, ed.)},
  pages={1--14},
  year={2005},
  organization={Citeseer}
}

@article{albrecht2014algebraic,
  title={Algebraic algorithms for LWE problems},
  author={Albrecht, Martin and Cid, Carlos and Faugere, Jean-Charles and Fitzpatrick, Robert and Perret, Ludovic},
  year={2014}
}

@inproceedings{albrecht2012complexity,
  title={On the complexity of the Arora-Ge algorithm against LWE},
  author={Albrecht, Martin and Cid, Carlos and Faugere, Jean-Charles and Fitzpatrick, Robert and Perret, Ludovic},
  booktitle={SCC 2012--Third international conference on Symbolic Computation and Cryptography},
  pages={93--99},
  year={2012}
}

@inproceedings{buchmann2016hardness,
  title={On the hardness of LWE with binary error: revisiting the hybrid lattice-reduction and meet-in-the-middle attack},
  author={Buchmann, Johannes and G{\"o}pfert, Florian and Player, Rachel and Wunderer, Thomas},
  booktitle={International Conference on Cryptology in Africa},
  pages={24--43},
  year={2016},
  organization={Springer}
}